@article{ma2017understanding,
  title={Understanding commuting patterns using transit smart card data},
  author={Ma, Xiaolei and Liu, Congcong and Wen, Huimin and Wang, Yunpeng and Wu, Yao-Jan},
  journal={Journal of Transport Geography},
  volume={58},
  pages={135--145},
  year={2017},
  publisher={Elsevier}
}

@article{morency2007measuring,
  title={Measuring transit use variability with smart-card data},
  author={Morency, Catherine and Trepanier, Martin and Agard, Bruno},
  journal={Transport Policy},
  volume={14},
  number={3},
  pages={193--203},
  year={2007},
  publisher={Elsevier}
}

@article{tu2016impact,
  title={Impact Analysis of Public Transport Fare Adjustment},
  author={Tu, Qiang and Weng, Jian-cheng and Yuan, Rong-Liang and Lin, Peng-fei},
  journal={Traffic Engineering \& Control},
  volume={57},
  number={2},
  year={2016}
}

@article{ma2013mining,
  title={Mining smart card data for transit ridersâ€™ travel patterns},
  author={Ma, Xiaolei and Wu, Yao-Jan and Wang, Yinhai and Chen, Feng and Liu, Jianfeng},
  journal={Transportation Research Part C: Emerging Technologies},
  volume={36},
  pages={1--12},
  year={2013},
  publisher={Elsevier}
}

@article{langlois2016inferring,
  title={Inferring patterns in the multi-week activity sequences of public transport users},
  author={Langlois, Gabriel Goulet and Koutsopoulos, Haris N and Zhao, Jinhua},
  journal={Transportation Research Part C: Emerging Technologies},
  volume={64},
  pages={1--16},
  year={2016},
  publisher={Elsevier}
}

@article{bhaskar2015passenger,
  title={Passenger segmentation using smart card data},
  author={Bhaskar, Ashish and Chung, Edward and others},
  journal={IEEE Transactions on intelligent transportation systems},
  volume={16},
  number={3},
  pages={1537--1548},
  year={2015},
  publisher={IEEE}
}

@article{wang2014research,
  title={Research on Methods of Extracting Commuting Trip Characteristic Based On Public Transportation Multi-sourced Data},
  author={Wang, Yueyue},
  journal={Beijing University of Technology},
  year={2014}
}

@phdthesis{ortega2013classification,
  title={Classification of London's public transport users using smart card data},
  author={Ortega-Tong, Meisy Andrea},
  year={2013},
  school={Massachusetts Institute of Technology}
}

@article{vuchic1900urban,
  title={Urban public transportation systems and technology},
  author={Vuchic, Vukan R},
  year={1900}
}

@misc{OECD2017passenger,
author = {OECD},
title = {Passenger transport (indicator)},
year = {2017},
howpublished = {\url{10.1787/463da4d1-en}},
note = {Acessed on 10 April 2017}
}

@techreport{eia2016energy,
  title={Energy Information Administration (2016), International energy outlook 2016, with projections to 2040},
  author={EIA, US},
  year={2016},
  institution={DOE/EIA-0484}
}
